[gd_scene load_steps=7 format=3 uid="uid://6jocyddhlmbp"]

[ext_resource type="Script" path="res://scenes/TheContainer/TheContainer.gd" id="1_urvb5"]
[ext_resource type="PackedScene" uid="uid://qt68xel8my4p" path="res://scenes/TheContainer/Loading.tscn" id="2_2n8l1"]
[ext_resource type="PackedScene" path="res://scenes/TheContainer/Widgets/ToolTip.tscn" id="3_2luwk"]
[ext_resource type="Script" path="res://scenes/TheContainer/TheCamera.gd" id="4_vmedm"]

[sub_resource type="GDScript" id="GDScript_t2cwc"]
script/source = "extends Label

# Declare member variables here. Examples:
var lines = []
var onetime_setup_complete = false

func _process(_delta):
    if PM.submodules_ready:
        if not onetime_setup_complete:
            onetime_setup_complete = true
#            visible = PM.Settings.DEBUG_GUI

func put(line_txt):
    if not PM.Settings.DEBUG_GUI and visible == false:
        visible = true
        call_deferred(\"hide_in_a_few\")
    lines.append(line_txt)
    if len(lines) > 6:
        lines.pop_front()
    var display_lines = \"\"
    for line in lines:
        display_lines += line + \"\\n\"
    text = display_lines

func toggle_visibility():
    visible = PM.Settings.DEBUG_GUI

func hide_in_a_few():
    await get_tree().create_timer(5).timeout
    visible = false
"

[sub_resource type="GDScript" id="GDScript_eeoom"]
script/source = "extends Label

var onetime_setup_complete = false
    
func _process(_delta):
    if PM.submodules_ready:
        if not onetime_setup_complete:
            onetime_setup_complete = true
#            if PM.Settings.DEBUG_LEVEL <= 1:
#                visible = true
#            else:
#                visible = false
#                set_process(false)
#        text = \"PM.Settings.__signals_used = \" + str(PM.Settings.__signals_used)
"

[node name="Container" type="Node"]
script = ExtResource("1_urvb5")
entry_point_scene = "res://scenes/MainMenu/InitializeFreecoilKotlin.tscn"
VERSION = "0.5.0-dev0"
VERSION_INT = 5
debug_level = 2

[node name="Scene0" type="Node" parent="."]

[node name="Scene1" type="Node" parent="."]

[node name="UI" type="Node" parent="." groups=["UIContainer"]]

[node name="Loading" type="Node" parent="."]

[node name="Loading" parent="Loading" instance=ExtResource("2_2n8l1")]
offset_right = 13036.0
offset_bottom = 9578.0

[node name="PauseMenu" type="Node" parent="." groups=["PauseMenuContainer"]]
process_mode = 2

[node name="Camera3D" type="Node" parent="."]

[node name="ToolTip" parent="Camera3D" instance=ExtResource("3_2luwk")]
layout_mode = 3
anchors_preset = 15
offset_left = -500.0
offset_top = -100.0
offset_right = -2420.0
offset_bottom = -1180.0
grow_horizontal = 2
grow_vertical = 2
mouse_filter = 2

[node name="TheCamera" type="Camera2D" parent="Camera3D"]
unique_name_in_owner = true
offset = Vector2(270, 480)
script = ExtResource("4_vmedm")

[node name="TopLayer" type="CanvasLayer" parent="Camera3D"]

[node name="DebugOutput" type="Label" parent="Camera3D/TopLayer" groups=["DebugOutput"]]
modulate = Color(1, 1, 1, 0.654902)
offset_top = 16.0
offset_right = 540.0
offset_bottom = 266.0
max_lines_visible = 12
script = SubResource("GDScript_t2cwc")

[node name="SignalsUsed" type="Label" parent="Camera3D/TopLayer"]
offset_right = 40.0
offset_bottom = 14.0
script = SubResource("GDScript_eeoom")

[node name="BackAndEscapeWarning" type="Label" parent="Camera3D/TopLayer"]
visible = false
offset_left = 200.0
offset_right = 401.0
offset_bottom = 14.0
text = "Press Back/Escape Again to Exit"

[node name="Audio" type="Node" parent="."]
